@article{nenadov2023routing,
  title={Routing permutations on spectral expanders via matchings},
  author={Nenadov, Rajko},
  journal={Combinatorica},
  volume={43},
  number={4},
  pages={737--742},
  year={2023},
  publisher={Springer}
}

@article{feldman1988wide,
  title={Wide-sense nonblocking networks},
  author={Feldman, Paul and Friedman, Joel and Pippenger, Nicholas},
  journal={SIAM Journal on Discrete Mathematics},
  volume={1},
  number={2},
  pages={158--173},
  year={1988},
  publisher={SIAM}
}