@article{grigoriev2001linear,
  author        = "Grigoriev, Dima",
  title         = "Linear lower bound on degrees of Positivstellensatz calculus proofs for the parity",
  journal       = "Theoretical Computer Science",
  volume        = "259",
  number        = "1-2",
  pages         = "613--622",
  year          = "2001",
  publisher     = "Elsevier"
}
@inproceedings{razbarov2002pgp,
  author        = "Razborov, Alexander A.",
  editor        = "Kuich, Werner and Rozenberg, Grzegorz and Salomaa, Arto",
  title         = "Proof Complexity of Pigeonhole Principles",
  booktitle     = "Developments in Language Theory",
  year          = "2002",
  publisher     = "Springer Berlin Heidelberg",
  address       = "Berlin, Heidelberg",
  pages         = "100--116",
  isbn          = "978-3-540-46011-4"
}
@article{fleming2019semialgebraic,
  author        = "Fleming, Noah and Kothari, Pravesh and Pitassi, Toniann and others",
  title         = "Semialgebraic proofs and efficient algorithm design",
  journal       = "Foundations and Trends{\textregistered} in Theoretical Computer Science",
  volume        = "14",
  number        = "1-2",
  pages         = "1--221",
  year          = "2019",
  publisher     = "Now Publishers, Inc."
}
@article{nenadov2023routing,
  author        = "Nenadov, Rajko",
  title         = "Routing permutations on spectral expanders via matchings",
  journal       = "Combinatorica",
  volume        = "43",
  number        = "4",
  pages         = "737--742",
  year          = "2023",
  publisher     = "Springer"
}
@book{mitzenmacher2017probability,
  author        = "Mitzenmacher, Michael and Upfal, Eli",
  title         = "Probability and computing: Randomization and probabilistic techniques in algorithms and data analysis",
  year          = "2017",
  publisher     = "Cambridge university press"
}

@inproceedings{buss1999linear,
  author    = {Buss, Sam and Grigoriev, Dima and Impagliazzo, Russell and Pitassi, Toniann},
  title     = {Linear Gaps Between Degrees for the Polynomial Calculus Modulo Distinct Primes},
  booktitle = {Proceedings of the Thirty-First Annual ACM Symposium on Theory of Computing},
  year      = {1999},
  publisher = {Association for Computing Machinery},
  address   = {New York, NY, USA},
  pages     = {547--556},
  doi       = {10.1145/301250.301399},
  url       = {https://doi.org/10.1145/301250.301399},
  location  = {Atlanta, Georgia, USA},
  series    = {STOC '99}
}

@article{Austrin_2022,
  author        = "Austrin, Per and Risse, Kilian",
  title         = "Perfect Matching in Random Graphs is as Hard as Tseitin",
  volume        = "Volume 1",
  issn          = "2751-4838",
  url           = "http://dx.doi.org/10.46298/theoretics.22.2",
  doi           = "10.46298/theoretics.22.2",
  journal       = "TheoretiCS",
  publisher     = "Centre pour la Communication Scientifique Directe (CCSD)",
  year          = "2022",
  month         = "December",
  booktitle     = "Proceedings of the 33rd annual ACM-SIAM symposium on discrete algorithms, SODA 2022, Alexandria, VA, USA, both virtually and physically, January 9--12, 2022",
  isbn          = "978-1-61197-707-3",
  pages         = "979--1012",
  language      = "English",
  keywords      = "68Wxx",
  zbmath        = "7883624"
}
@incollection{buss2021proof,
  author        = {Buss, Sam and Nordstr{\"o}m, Jakob},
  title         = "Proof complexity and SAT solving",
  booktitle     = "Handbook of Satisfiability",
  pages         = "233--350",
  year          = "2021",
  publisher     = "IOS Press"
}

@inproceedings{alekhnovich2001lower,
author = {Alekhnovich, M. and Razborov, A.},
title = {Lower Bounds for Polynomial Calculus: Non-Binomial Case},
year = {2001},
isbn = {0769513905},
publisher = {IEEE Computer Society},
address = {USA},
pages = {190},
series = {FOCS '01}
}

@article{impagliazzo1999lower,
  author    = {Impagliazzo, Russell and Pudl\'{a}k, Pavel and Sgall, Ji\v{r}\'{\i}},
  title     = {Lower Bounds for the Polynomial Calculus and the Gr\"{o}bner Basis Algorithm},
  journal   = {Comput. Complex.},
  year      = {1999},
  volume    = {8},
  number    = {2},
  pages     = {127--144},
  month     = {November},
  publisher = {Birkh\"{a}user Verlag},
  address   = {CHE},
  issn      = {1016-3328},
  doi       = {10.1007/s000370050024},
  url       = {https://doi.org/10.1007/s000370050024},
  keywords  = {Subset sum problem, Propositional calculus, Gr\"{o}bner basis algorithm}
}


@article{razborov1998lower,
  author        = {Razborov, Alexander A.},
  title         = {Lower bounds for the polynomial calculus},
  journal       = {Comput. Complex.},
  year          = {1998},
  volume        = {7},
  number        = {4},
  pages         = {291--324},
  month         = {dec},
  issn          = {1016-3328},
  doi           = {10.1007/s000370050013},
  url           = {https://doi.org/10.1007/s000370050013},
  publisher     = {Birkhauser Verlag},
  address       = {CHE},
  keywords      = {proof complexity, polynomial calculus, pigeonhole principle},
  numpages      = {34}
}
@article{alon88mixing,
  author        = "Alon, N. and Chung, F. R. K.",
  title         = "Explicit construction of linear sized tolerant networks",
  fjournal      = "Discrete Mathematics",
  journal       = "Discrete Math.",
  issn          = "0012-365X",
  volume        = "72",
  number        = "1-3",
  pages         = "15--19",
  year          = "1988",
  language      = "English",
  doi           = "10.1016/0012-365X(88)90189-6",
  keywords      = "05C99,05C55,05C38",
  zbmath        = "4073036",
  zbl           = "0657.05068"
}
@article{1itsykson2021Near,
  author        = {Itsykson, Dmitry and Riazanov, Artur and Sagunov, Danil and Smirnov, Petr},
  title         = {Near-Optimal Lower Bounds on Regular Resolution Refutations of Tseitin Formulas for All Constant-Degree Graphs},
  year          = {2021},
  issue_date    = {Dec 2021},
  publisher     = {Birkhauser Verlag},
  address       = {CHE},
  volume        = {30},
  number        = {2},
  issn          = {1016-3328},
  url           = {https://doi.org/10.1007/s00037-021-00213-2},
  doi           = {10.1007/s00037-021-00213-2},
  month         = {dec},
  numpages      = {74},
  keywords      = {68Q17, 03F20, Proof complexity, Lower bound, Regular resolution, Read-once branching program, Treewidth, Tseitin formula}
}
@article{draganic22rolling,
  author        = "Dragani{\'c}, Nemanja and Krivelevich, Michael and Nenadov, Rajko",
  title         = "Rolling backwards can move you forward: on embedding problems in sparse expanders",
  fjournal      = "Transactions of the American Mathematical Society",
  journal       = "Trans. Am. Math. Soc.",
  issn          = "0002-9947",
  volume        = "375",
  number        = "7",
  pages         = "5195--5216",
  year          = "2022",
  language      = "English",
  doi           = "10.1090/tran/8660",
  keywords      = "05C48,05C83,05C85,05C55,05C38,05C05",
  zbmath        = "7542911",
  zbl           = "1492.05084"
}
@inbook{cook1979relative,
  author        = {Cook, Stephen A. and Reckhow, Robert A.},
  title         = {The Relative Efficiency of Propositional Proof Systems},
  year          = {2023},
  isbn          = {9798400707797},
  publisher     = {Association for Computing Machinery},
  address       = {New York, NY, USA},
  edition       = {1},
  url           = {https://doi.org/10.1145/3588287.3588299},
  booktitle     = {Logic, Automata, and Computational Complexity: The Works of Stephen A. Cook},
  pages         = {173--192},
  numpages      = {20}
}
@misc{tikhomirov2016spectralgapdenserandom,
  author        = "Tikhomirov, Konstantin and Youssef, Pierre",
  title         = "The spectral gap of dense random regular graphs",
  year          = "2016",
  eprint        = "1610.01765",
  archiveprefix = "arXiv",
  primaryclass  = "math.PR",
  url           = "https://arxiv.org/abs/1610.01765"
}
@incollection{abascal2021strongly,
  author        = "Abascal, Jackson and Guruswami, Venkatesan and Kothari, Pravesh K.",
  title         = "Strongly refuting all semi-random {Boolean} {CSPs}",
  booktitle     = "Proceedings of the 32nd annual ACM-SIAM symposium on discrete algorithms, SODA 2021, Alexandria, VA, USA, virtual, January 10--13, 2021",
  isbn          = "978-1-61197-646-5",
  pages         = "454--472",
  year          = "2021",
  publisher     = "Philadelphia, PA: Society for Industrial {and} Applied Mathematics (SIAM); New York, NY: Association for Computing Machinery (ACM)",
  language      = "English",
  doi           = "10.5555/3458064.3458092",
  keywords      = "68Wxx",
  zbmath        = "7788366",
  organization  = "SIAM",
  address       = "USA",
  numpages      = "19",
  location      = "Virtual Event, Virginia",
  series        = "SODA '21"
}
@inproceedings{potechin:LIPIcs.CCC.2020.38,
  author        = "Potechin, Aaron",
  editor        = "Saraf, Shubhangi",
  title         = "{Sum of Squares Bounds for the Ordering Principle}",
  booktitle     = "35th Computational Complexity Conference (CCC 2020)",
  pages         = "38:1--38:37",
  series        = "Leibniz International Proceedings in Informatics (LIPIcs)",
  isbn          = "978-3-95977-156-6",
  issn          = "1868-8969",
  year          = "2020",
  volume        = "169",
  publisher     = {Schloss Dagstuhl -- Leibniz-Zentrum f{\"u}r Informatik},
  address       = "Dagstuhl, Germany",
  url           = "https://drops.dagstuhl.de/entities/document/10.4230/LIPIcs.CCC.2020.38",
  urn           = "urn:nbn:de:0030-drops-125900",
  doi           = "10.4230/LIPIcs.CCC.2020.38",
  annote        = "Keywords: sum of squares hierarchy, proof complexity, ordering principle"
}
@article{tutte1947factorization,
  author        = "Tutte, William T",
  title         = "The factorization of linear graphs",
  journal       = "Journal of the London Mathematical Society",
  volume        = "1",
  number        = "2",
  pages         = "107--111",
  year          = "1947",
  publisher     = "Wiley Online Library"
}
@article{tutte1952factors,
  author        = "Tutte, William Thomas",
  title         = "The factors of graphs",
  journal       = "Canadian Journal of Mathematics",
  volume        = "4",
  pages         = "314--328",
  year          = "1952",
  publisher     = "Cambridge University Press"
}
@inproceedings{raz2008elusive,
  author        = {Raz, Ran},
  title         = {Elusive functions and lower bounds for arithmetic circuits},
  year          = {2008},
  isbn          = {9781605580470},
  publisher     = {Association for Computing Machinery},
  address       = {New York, NY, USA},
  url           = {https://doi.org/10.1145/1374376.1374479},
  doi           = {10.1145/1374376.1374479},
  booktitle     = {Proceedings of the Fortieth Annual ACM Symposium on Theory of Computing},
  pages         = {711--720},
  numpages      = {10},
  keywords      = {lower bounds, circuit complexity, bounded depth circuits, arithmetic circuits},
  location      = {Victoria, British Columbia, Canada},
  series        = {STOC '08}
}
@incollection{filmus2013towards,
  author        = {Filmus, Yuval and Lauria, Massimo and Mik{\v{s}}a, Mladen and Nordstr{\"o}m, Jakob and Vinyals, Marc},
  title         = {Towards an understanding of polynomial calculus: new separations and lower bounds (extended abstract)},
  booktitle     = {Automata, languages, and programming. 40th international colloquium, ICALP 2013, Riga, Latvia, July 8--12, 2013, Proceedings, Part I},
  isbn          = {978-3-642-39205-4},
  pages         = {437--448},
  year          = {2013},
  publisher     = {Berlin: Springer},
  language      = {English},
  doi           = {10.1007/978-3-642-39206-1_37},
  keywords      = {03F20,68Q17},
  zbmath        = {6195445},
  zbl           = {1336.03065}
}
@incollection{glinskih2017satisfiable,
  author        = {Glinskih, Ludmila and Itsykson, Dmitry},
  title         = {Satisfiable {Tseitin} formulas are hard for nondeterministic read-once branching programs},
  booktitle     = {42nd international symposium on mathematical foundations of computer science, MFCS 2017, August 21--25, 2017, Aalborg, Denmark},
  isbn          = {978-3-95977-046-0},
  pages         = {12},
  note          = {Id/No 26},
  year          = {2017},
  publisher     = {Wadern: Schloss Dagstuhl -- Leibniz Zentrum f{\"u}r Informatik},
  language      = {English},
  doi           = {10.4230/LIPIcs.MFCS.2017.26},
  keywords      = {68R07,68P05,68Q17,68R10},
  zbmath        = {7204360},
  zbl           = {1441.68156}
}
@article{galesi2019bounded,
  author        = {Galesi, Nicola and Itsykson, Dmitry and Riazanov, Artur and Sofronova, Anastasia},
  title         = {Bounded-depth {Frege} complexity of {Tseitin} formulas for all graphs},
  fjournal      = {Annals of Pure and Applied Logic},
  journal       = {Ann. Pure Appl. Logic},
  issn          = {0168-0072},
  volume        = {174},
  number        = {1},
  pages         = {23},
  note          = {Id/No 103166},
  year          = {2023},
  language      = {English},
  doi           = {10.1016/j.apal.2022.103166},
  keywords      = {03F20,05C83,68Q17},
  url           = {drops.dagstuhl.de/opus/volltexte/2019/10993/},
  zbmath        = {7601549},
  zbl           = {1516.03021}
}
@inproceedings{maciel2000new,
  author        = {Maciel, Alexis and Pitassi, Toniann and Woods, Alan R.},
  title         = {A new proof of the weak pigeonhole principle},
  year          = {2000},
  isbn          = {1581131844},
  publisher     = {Association for Computing Machinery},
  address       = {New York, NY, USA},
  url           = {https://doi.org/10.1145/335305.335348},
  doi           = {10.1145/335305.335348},
  booktitle     = {Proceedings of the Thirty-Second Annual ACM Symposium on Theory of Computing},
  pages         = {368--377},
  numpages      = {10},
  location      = {Portland, Oregon, USA},
  series        = {STOC '00}
}
@article{razborov2003resolution,
  author        = {Razborov, Alexander A.},
  title         = {Resolution lower bounds for the weak functional pigeonhole principle.},
  fjournal      = {Theoretical Computer Science},
  journal       = {Theor. Comput. Sci.},
  issn          = {0304-3975},
  volume        = {303},
  number        = {1},
  pages         = {233--243},
  year          = {2003},
  language      = {English},
  doi           = {10.1016/S0304-3975(02)00453-X},
  keywords      = {03F20,03B35,68T15},
  zbmath        = {1965373},
  zbl           = {1050.03039}
}
@article{raz2004resolution,
  author        = {Raz, Ran},
  title         = {Resolution lower bounds for the weak pigeonhole principle},
  year          = {2004},
  issue_date    = {March 2004},
  publisher     = {Association for Computing Machinery},
  address       = {New York, NY, USA},
  volume        = {51},
  number        = {2},
  issn          = {0004-5411},
  url           = {https://doi.org/10.1145/972639.972640},
  doi           = {10.1145/972639.972640},
  abstract      = {We prove that any Resolution proof for the weak pigeonhole principle, with n holes and any number of pigeons, is of length \ensuremath{\Omega}(2nϵ), (for some global constant ϵ > 0). One corollary is that a certain propositional formulation of the statement NP \not\subset{} P/poly does not have short Resolution proofs.},
  journal       = {J. ACM},
  month         = {mar},
  pages         = {115--138},
  numpages      = {24},
  keywords      = {P different than NP, Lower bounds, computational complexity, proof complexity, propositional logic}
}
@inproceedings{pitassi1993exponential,
  author    = {Beame, Paul and Impagliazzo, Russell and Kraj{\v{c}}{\'{\i}}{\v{c}}ek, Jan and Pitassi, Toniann and Pudl{\'a}k, Pavel and Woods, Alan},
  title     = {Exponential Lower Bounds for the Pigeonhole Principle},
  booktitle = {Proceedings of the Twenty-Fourth Annual ACM Symposium on Theory of Computing},
  year      = {1992},
  publisher = {Association for Computing Machinery},
  address   = {New York, NY, USA},
  pages     = {200--220},
  doi       = {10.1145/129712.129733},
  url       = {https://doi.org/10.1145/129712.129733},
  location  = {Victoria, British Columbia, Canada},
  series    = {STOC '92}
}

@inproceedings{conneryd2023graph,
  author        = {Conneryd, Jonas and De Rezende, Susanna F. and Nordstr\"{o}m, Jakob and Pang, Shuo and Risse, Kilian},
  booktitle     = {2023 IEEE 64th Annual Symposium on Foundations of Computer Science (FOCS)},
  title         = {Graph Colouring Is Hard on Average for Polynomial Calculus and Nullstellensatz},
  year          = {2023},
  volume        = {},
  number        = {},
  pages         = {1--11},
  keywords      = {Computer science;Calculus;Proof Complexity;polynomial calculus;average-case complexity},
  doi           = {10.1109/FOCS57990.2023.00007}
}
@inproceedings{de2023clique,
  author        = {De Rezende, Susanna F. and Potechin, Aaron and Risse, Kilian},
  booktitle     = {2023 IEEE 64th Annual Symposium on Foundations of Computer Science (FOCS)},
  title         = {Clique Is Hard on Average for Unary Sherali-Adams},
  year          = {2023},
  volume        = {},
  number        = {},
  pages         = {12--25},
  keywords      = {Computer science;Complexity theory;Proof Complexity;Clique;Unary Sherali Adams},
  doi           = {10.1109/FOCS57990.2023.00008}
}
@inproceedings{schoenebeck2008linear,
  author        = {Schoenebeck, Grant},
  title         = {Linear Level Lasserre Lower Bounds for Certain k-CSPs},
  year          = {2008},
  isbn          = {9780769534367},
  publisher     = {IEEE Computer Society},
  address       = {USA},
  url           = {https://doi.org/10.1109/FOCS.2008.74},
  doi           = {10.1109/FOCS.2008.74},
  booktitle     = {Proceedings of the 2008 49th Annual IEEE Symposium on Foundations of Computer Science},
  pages         = {593--602},
  numpages      = {10},
  keywords      = {Lasserre, semidefinite program hierarchies},
  series        = {FOCS '08}
}

@inproceedings{kothari2017SumOfSquares,
  author        = {Kothari, Pravesh K. and Mori, Ryuhei and O'Donnell, Ryan and Witmer, David},
  title         = {Sum of squares lower bounds for refuting any CSP},
  year          = {2017},
  isbn          = {9781450345286},
  publisher     = {Association for Computing Machinery},
  address       = {New York, NY, USA},
  url           = {https://doi.org/10.1145/3055399.3055485},
  doi           = {10.1145/3055399.3055485},
  booktitle     = {Proceedings of the 49th Annual ACM SIGACT Symposium on Theory of Computing},
  pages         = {132--145},
  numpages      = {14},
  keywords      = {Constraint Satisfaction, Lower Bounds, Sum-of-Squares Semidefinite Programming Hierarchy},
  location      = {Montreal, Canada},
  series        = {STOC 2017}
}
@inproceedings{kleinberg1996short,
  author        = {Kleinberg, J. and Rubinfeld, R.},
  title         = {Short paths in expander graphs},
  year          = {1996},
  publisher     = {IEEE Computer Society},
  address       = {USA},
  booktitle     = {Proceedings of the 37th Annual Symposium on Foundations of Computer Science},
  pages         = {86},
  keywords      = {disjoint paths problem, expander graphs, graph minor containment, greedy algorithm, inter-connection networks, multicommodity flow, network routing, polylogarithmic approximation, routing algorithms},
  series        = {FOCS '96}
}
@article{krivelevich2021completeMinors,
  author        = "Krivelevich, Michael and Nenadov, Rajko",
  title         = "Complete minors in graphs without sparse cuts",
  fjournal      = "IMRN. International Mathematics Research Notices",
  journal       = "Int. Math. Res. Not.",
  issn          = "1073-7928",
  volume        = "2021",
  number        = "12",
  pages         = "8996--9015",
  year          = "2021",
  language      = "English",
  doi           = "10.1093/imrn/rnz086",
  keywords      = "05C83,05C80,60C05",
  zbmath        = "7503538",
  zbl           = "1536.05432",
  publisher     = "Oxford University Press"
}
@inproceedings{pitassi2016PolyLogFrege,
  author        = {Pitassi, Toniann and Rossman, Benjamin and Servedio, Rocco A. and Tan, Li-Yang},
  title         = {Poly-logarithmic Frege depth lower bounds via an expander switching lemma},
  year          = {2016},
  isbn          = {9781450341325},
  publisher     = {Association for Computing Machinery},
  address       = {New York, NY, USA},
  url           = {https://doi.org/10.1145/2897518.2897637},
  doi           = {10.1145/2897518.2897637},
  booktitle     = {Proceedings of the Forty-Eighth Annual ACM Symposium on Theory of Computing},
  pages         = {644--657},
  numpages      = {14},
  keywords      = {Frege proof system, propositional proof complexity, random projections, small-depth circuits, switching lemma},
  location      = {Cambridge, MA, USA},
  series        = {STOC '16}
}

@inproceedings{atserias2020Size,
author = {Atserias, Albert and Hakoniemi, Tuomas},
title = {Size-degree trade-offs for sums-of-squares and positivstellensatz proofs},
year = {2020},
isbn = {9783959771160},
publisher = {Schloss Dagstuhl--Leibniz-Zentrum fuer Informatik},
address = {Dagstuhl, DEU},
url = {https://doi.org/10.4230/LIPIcs.CCC.2019.24},
doi = {10.4230/LIPIcs.CCC.2019.24},
booktitle = {Proceedings of the 34th Computational Complexity Conference},
articleno = {24},
numpages = {20},
keywords = {trade-offs, sums-of-squares, semialgebraic proof systems, proof complexity, positivstellensatz, monomial size, lower bounds, degree},
location = {New Brunswick, New Jersey},
series = {CCC '19}
}